@article{Zetie_2000,
	doi = {10.1088/0031-9120/35/1/308},
	url = {https://doi.org/10.1088\%2F0031-9120\%2F35\%2F1\%2F308},
	year = 2000,
	month = {jan},
	publisher = {{IOP} Publishing},
	volume = {35},
	number = {1},
	pages = {46--48},
	author = {K P Zetie and S F Adams and R M Tocknell},
	title = {How does a Mach-Zehnder interferometer work?},
	journal = {Physics Education}
}

@book{hecht2002optics,
  title={Optics},
  author={Hecht, E.},
  isbn={9780321188786},
  lccn={2001032540},
  series={Pearson education},
  url={https://books.google.ca/books?id=T3ofAQAAMAAJ},
  year={2002},
  publisher={Addison-Wesley}
}

@inproceedings{flores2002,
author = {Adonis Flores and Marlo Flores and Kees Karremans and Ben Zuidberg},
title = {{Undergraduate experiments in optics employing a fiber optic version of the Mach-Zehnder interferometer}},
volume = {4588},
booktitle = {Seventh International Conference on Education and Training in Optics and Photonics},
editor = {Tuan-Kay Lim and Arthur H. Guenther},
organization = {International Society for Optics and Photonics},
publisher = {SPIE},
pages = {464 -- 471},
year = {2002},
doi = {10.1117/12.468678},
URL = {https://doi.org/10.1117/12.468678}
}

@article{Li:12,
author = {Lecheng Li and Li Xia and Zhenhai Xie and Deming Liu},
journal = {Opt. Express},
keywords = {Fiber optics; Fiber optics components; Fiber optics sensors; Optical sensing and sensors ; Effective refractive index; Fiber Bragg gratings; Fiber optic cables; Fiber optic sensors; Long period gratings; Photonic crystal fibers},
number = {10},
pages = {11109--11120},
publisher = {OSA},
title = {All-fiber Mach-Zehnder interferometers for sensing applications},
volume = {20},
month = {May},
year = {2012},
url = {http://www.opticsexpress.org/abstract.cfm?URI=oe-20-10-11109},
doi = {10.1364/OE.20.011109}
}

@article {Oliver1653,
	author = {Oliver, William D. and Yu, Yang and Lee, Janice C. and Berggren, Karl K. and Levitov, Leonid S. and Orlando, Terry P.},
	title = {Mach-Zehnder Interferometry in a Strongly Driven Superconducting Qubit},
	volume = {310},
	number = {5754},
	pages = {1653--1657},
	year = {2005},
	doi = {10.1126/science.1119678},
	publisher = {American Association for the Advancement of Science},
	issn = {0036-8075},
	URL = {https://science.sciencemag.org/content/310/5754/1653},
	eprint = {https://science.sciencemag.org/content/310/5754/1653.full.pdf},
	journal = {Science}
}

@article{Xavier:11,
author = {G. B. Xavier and J. P. von der Weid},
journal = {Opt. Lett.},
keywords = {Fiber optics; Interference; Quantum communications ; Amplified spontaneous emission; Distributed feedback lasers; Phase shifting interferometry; Photons; Quantum communications; Quantum key distribution},
number = {10},
pages = {1764--1766},
publisher = {OSA},
title = {Stable single-photon interference in a 1km fiber-optic Mach--Zehnder interferometer with continuous phase adjustment},
volume = {36},
month = {May},
year = {2011},
url = {http://ol.osa.org/abstract.cfm?URI=ol-36-10-1764},
doi = {10.1364/OL.36.001764}
}

@misc{xavier2012employing,
    title={Employing long fibre-optical Mach- Zehnder interferometers for quantum cryptography with orthogonal states},
    author={G. B. Xavier and G. P. Temporao and J. P. von der Weid},
    year={2012},
    eprint={1206.2701},
    archivePrefix={arXiv},
    primaryClass={quant-ph}
}

@article{ametsoc_paper,
author = {Wesely, Marvin L.},
title = {The Combined Effect of Temperature and Humidity Fluctuations on Refractive Index},
journal = {Journal of Applied Meteorology},
volume = {15},
number = {1},
pages = {43-49},
year = {1976},
doi = {10.1175/1520-0450(1976)015<0043:TCEOTA>2.0.CO;2},

URL = { 
        https://doi.org/10.1175/1520-0450(1976)015<0043:TCEOTA>2.0.CO;2
    
},
eprint = { 
        https://doi.org/10.1175/1520-0450(1976)015<0043:TCEOTA>2.0.CO;2
    
}

}

@book{pedrotti_pedrotti_pedrotti_2017, place={Cambridge}, edition={3}, title={Introduction to Optics}, DOI={10.1017/9781108552493}, publisher={Cambridge University Press}, author={Pedrotti, Frank L. and Pedrotti, Leno M. and Pedrotti, Leno S.}, year={2017}}

@article{n_T_emp_model,
author = {Bashkatov, Alexey and Genina, Elina},
year = {2003},
month = {10},
pages = {},
title = {Water refractive index in dependence on temperature and wavelength: A simple approximation},
volume = {5068},
journal = {Proceedings of SPIE - The International Society for Optical Engineering},
doi = {10.1117/12.518857}
}

@misc{thorlabs.com_tutorials,
title={HeNe Tutorial},
url={https://www.thorlabs.com/tutorials.cfm?tabID=9F3258E0-FB6B-46D4-944D-B31A84EF1DAA},
journal={Thorlabs.com - Tutorials},
publisher={Thor Labs}}